% Encoding: UTF-8

@ARTICLE{2014A&A...569A.111B,
   author = {{Blanco-Cuaresma}, S. and {Soubiran}, C. and {Heiter}, U. and 
    {Jofr{\'e}}, P.},
    title = "{Determining stellar atmospheric parameters and chemical abundances of FGK stars with iSpec}",
  journal = {aap},
archivePrefix = "arXiv",
   eprint = {1407.2608},
 primaryClass = "astro-ph.IM",
 keywords = {stars: atmospheres, stars: abundances, methods: data analysis},
     year = 2014,
    month = sep,
   volume = 569,
      eid = {A111},
    pages = {A111},
      doi = {10.1051/0004-6361/201423945},
   adsurl = {http://adsabs.harvard.edu/abs/2014A%26A...569A.111B},
  adsnote = {Provided by the SAO/NASA Astrophysics Data System}
}

